<?xml version="1.0" encoding="UTF-8"?><collection xmlns="http://www.loc.gov/MARC21/slim"><record><leader>00313nam--2200133-i-4500</leader><controlfield tag="001">000008412</controlfield><controlfield tag="002">20161230</controlfield><controlfield tag="005">20170304195153</controlfield><controlfield tag="008">060222s1000------------r-----000-0-eng-d</controlfield><datafield ind1=" " ind2=" " tag="100"><subfield code="a">Cotton, Aime</subfield></datafield><datafield ind1=" " ind2=" " tag="245"><subfield code="a">Oeuvres scientifiques</subfield></datafield><datafield ind1=" " ind2=" " tag="260"><subfield code="a">Paris</subfield><subfield code="b">C.N.R.S</subfield><subfield code="c">1956</subfield></datafield><datafield ind1=" " ind2=" " tag="300"><subfield code="a">299 p</subfield></datafield><datafield ind1=" " ind2=" " tag="CAT"><subfield code="a">SYS</subfield><subfield code="c">20170304</subfield><subfield code="h">195153</subfield></datafield></record></collection>